@misc{scholar,
  title={Van der Pol oscillator},
  author={Kanamaru, Takashi},
  howpublished={\url{http://scholarpedia.org/article/Van_der_Pol_oscillator}}
}

@misc{shm,
  title={Simple Harmonic Motion},
  author={Fitzpatrick, Richard},
  howpublished={\url{http://farside.ph.utexas.edu/teaching/301/lectures/node138.html}}
}
